@misc{beauregardPID,
    title   =   {Arduino PID Library},
    url     =   {https://playground.arduino.cc/Code/PIDLibrary/},
    journal =   {Arduino Playground - PIDLibrary},
    author  =   {Beauregard, Brett},
    urldate = {2020-04-25}
}